
@book{SouzaNeto2008,
  doi = {10.1002/9780470694626},
  url = {https://doi.org/10.1002/9780470694626},
  year  = {2008},
  month = {oct},
  publisher = {John Wiley {\&} Sons,  Ltd},
  author = {E. A. de Souza Neto and D. Peri and D. R. J. Owen},
  title = {Computational Methods for Plasticity}
}